@inproceedings{seth2009metadata,
	title = {Metadata Extraction using Text Mining.},
	author = {Seth, Shivani and Rüping, Stefan and Wrobel, Stefan},
	booktitle = {HealthGrid},
	pages = {95--104},
	year = {2009}
}

@article{bhanuse2016text,
	title = {Text mining using metadata for generation of side information},
	author = {Bhanuse, Shraddha S and Kamble, Shailesh D and Kakde, Sandeep M},
	journal = {Procedia Computer Science},
	volume = {78},
	pages = {807--814},
	year = {2016},
	publisher = {Elsevier}
}

@book{zong2021text,
	author = {Zong, Chengqing and Xia, Rui and Zhang, Jiajun},
	title = {Text Data Mining},
	volume = {711},
	date = {2021},
	publisher = {Springer}
}

@online{dublincore,
	organization = {Dublin Core Metadata Initiative},
	title = {Dublin Core specification},
	date = {2022},
	urldate = {2022},
	url = {https://www.dublincore.org/specifications/dublin-core/},
}

@article{mendez2006dublin,
	author = {Méndez, Eva},
	title = {Dublin Core, metadatos y vocabularios},
	journaltitle = {El profesional de la información},
	date = {2006},
	OPTvolume = {15},
	OPTnumber = {2},
	OPTpages = {84--86},
}

@online{anaconda2017figure,
	title = {Anaconda Distribution},
	date = {2017},
	url = {https://blog.desdelinux.net/wp-content/uploads/2017/09/Anaconda-Distribution-Diagram.png.webp},
	organization = {Anaconda},
}

@online{marklogic2019xml,
	title = {XML and JSON Data Modeling Best Practices},
	date = {2019},
	url = {https://www.youtube.com/watch?v=6t2dYJjM4tg},
	organization = {MarkLogic University},
}

@online{adobe2022pdf,
	organization = {Adobe Systems Incorporated},
	title = {Document management — Portable document format — Part 1: PDF 1.7},
	date = {2008},
	url = {https://opensource.adobe.com/dc-acrobat-sdk-docs/pdfstandards/PDF32000_2008.pdf},
}

@article{to2020rise,
	title = {Rise in higher education researchers and academic publications},
	author = {To, WM and Yu, Billy TW},
	journal = {Emerald Open Research},
	volume = {2},
	pages = {3},
	year = {2020},
	publisher = {F1000 Research Limited London, UK}
}


@online{anaconda2022web,
	organization = {Anaconda},
	title = {Anaconda | The World's Most Popular Data Science Platform},
	date = {2022},
	url = {https://www.anaconda.com},
}

@manual{pypdf2doc,
	author = {Mathieu Fenniak},
	title = {PyPDF2 documentation},
	date = {2008},
	url = {https://pypdf2.readthedocs.io/en/latest/},
}

@manual{pdfminersixdoc,
	author = {Shinyama, Yusuke and Guglielmetti, Philippe and Marsman, Pieter},
	title = {pdfminer.six documentation},
	date = {2019},
	url = {https://pdfminersix.readthedocs.io/en/latest/},
}
